<record><leader>00000cas a22000007a 4500</leader><controlfield tag="001">15152095</controlfield><controlfield tag="008">870204d18421848msuwr ne      0    0eng d</controlfield><datafield ind1=" " ind2=" " tag="010"><subfield code="a">sn 87090149 </subfield></datafield><datafield ind1=" " ind2=" " tag="040"><subfield code="a">PPM</subfield><subfield code="b">eng</subfield><subfield code="c">PPM</subfield><subfield code="d">MSJ</subfield><subfield code="d">LNP</subfield><subfield code="d">FUG</subfield><subfield code="d">OCL</subfield><subfield code="d">OCLCQ</subfield><subfield code="d">OCLCF</subfield><subfield code="d">OCLCO</subfield></datafield><datafield ind1=" " ind2=" " tag="042"><subfield code="a">msc</subfield></datafield><datafield ind1=" " ind2=" " tag="043"><subfield code="a">n-us-ms</subfield></datafield><datafield ind1="0" ind2=" " tag="130"><subfield code="a">Port-Gibson herald (Port Gibson, Miss. : 1842)</subfield></datafield><datafield ind1="1" ind2="0" tag="245"><subfield code="a">Port-Gibson herald.</subfield></datafield><datafield ind1="3" ind2="0" tag="246"><subfield code="a">Herald</subfield></datafield><datafield ind1=" " ind2=" " tag="260"><subfield code="a">Port Gibson, Miss. :</subfield><subfield code="b">William F. Eisely,</subfield><subfield code="c">1842-1848.</subfield></datafield><datafield ind1=" " ind2=" " tag="300"><subfield code="a">7 v.</subfield></datafield><datafield ind1=" " ind2=" " tag="310"><subfield code="a">Weekly</subfield></datafield><datafield ind1="0" ind2=" " tag="362"><subfield code="a">Vol. 1, no. 1 (Sept. 1, 1842)-v. 7, no. 5 (Sept. 29, 1848).</subfield></datafield><datafield ind1=" " ind2="0" tag="651"><subfield code="a">Port Gibson (Miss.)</subfield><subfield code="v">Newspapers.</subfield></datafield><datafield ind1=" " ind2="0" tag="651"><subfield code="a">Claiborne County (Miss.)</subfield><subfield code="v">Newspapers.</subfield></datafield><datafield ind1=" " ind2="7" tag="655"><subfield code="a">Newspapers.</subfield><subfield code="2">fast</subfield><subfield code="0">(OCoLC)fst01423814</subfield></datafield><datafield ind1=" " ind2="7" tag="651"><subfield code="a">Mississippi</subfield><subfield code="z">Claiborne County.</subfield><subfield code="2">fast</subfield><subfield code="0">(OCoLC)fst01218463</subfield></datafield><datafield ind1=" " ind2="7" tag="651"><subfield code="a">Mississippi</subfield><subfield code="z">Port Gibson.</subfield><subfield code="2">fast</subfield><subfield code="0">(OCoLC)fst01219474</subfield></datafield><datafield ind1=" " ind2=" " tag="752"><subfield code="a">United States</subfield><subfield code="b">Mississippi</subfield><subfield code="c">Claiborne</subfield><subfield code="d">Port Gibson.</subfield></datafield><datafield ind1="0" ind2="7" tag="785"><subfield code="t">Port-Gibson correspondent (Port Gibson, Miss. : 1833)</subfield><subfield code="w">(DLC)sn 83016954</subfield><subfield code="w">(OCoLC)10234874</subfield></datafield><datafield ind1="0" ind2="7" tag="785"><subfield code="t">Port Gibson herald, and correspondent</subfield><subfield code="w">(DLC)sn 87090283</subfield><subfield code="w">(OCoLC)15152088</subfield></datafield></record>